% This file was created with Citavi 6.18.0.1

@book{Galvin.2004,
 author = {Galvin, Peter Baer and {Silberschatz, Abraham, Gagne} and Greg},
 year = {2004},
 title = {Operating system concepts; Seventh Edition},
 publisher = {{John Wiley {\&} Sons}},
 file = {Operating{\_}Systems{\_}Concepts:Attachments/Operating{\_}Systems{\_}Concepts.pdf:application/pdf}
}


@book{Groover.2016,
 author = {Groover, Mikell P.},
 year = {2016},
 title = {Automation, production systems, and computer-integrated manufacturing},
 publisher = {{Pearson Education India}}
}


@misc{hoakley.2022,
 abstract = {An accessible summary of the CPU cores in M1 chips, and how they appear to be managed by macOS to get the best for different classes of process.},
 author = {hoakley},
 year = {2022},
 title = {Scheduling of Processes on M1 Series Chips: first draft},
 url = {https://eclecticlight.co/2022/01/13/scheduling-of-processes-on-m1-series-chips-first-draft/},
 urldate = {24/02/2024}
}


@misc{hoakley.2022b,
 abstract = {From the anatomy of the CPU cores, to the queues of threads in GCD, and assignment to a core cluster, this details how threads are managed for the M1 series chips.},
 author = {hoakley},
 year = {2022},
 title = {Scheduling of Threads on M1 Series Chips: second draft},
 url = {https://eclecticlight.co/2022/01/25/scheduling-of-threads-on-m1-series-chips-second-draft/},
 urldate = {24/02/2024}
}


@misc{Jones.2009,
 abstract = {IBM Developer is your one-stop location for getting hands-on training and learning in-demand skills on relevant technologies such as generative AI, data science, AI, and open source.},
 author = {Jones, M.},
 editor = {{IBM Developer}},
 year = {2009},
 title = {Inside the Linux 2.6 Completely Fair Scheduler},
 url = {https://developer.ibm.com/tutorials/l-completely-fair-scheduler/},
 keywords = {Linux;M. Tim Jones;process;Process Management;schedule;task;thread},
 urldate = {25/02/2024}
}


@misc{KarlBridgeMicrosoft.2023,
 abstract = {Die Ausf{\"u}hrung von Threads wird basierend auf ihrer Planungspriorit{\"a}t geplant.},
 author = {Karl-Bridge-Microsoft and v-kents and DCtheGeek and drewbatgit and ThomasJones4 and msatranjr},
 year = {2023},
 title = {Planungspriorit{\"a}ten - Win32 apps},
 url = {https://learn.microsoft.com/de-de/windows/win32/procthread/scheduling-priorities},
 urldate = {24/02/2024}
}


@book{Kurose.2010,
 author = {Kurose, James and Ross, Keith},
 year = {2010},
 title = {Computer networks: A top down approach featuring the internet},
 publisher = {Pearson}
}


@article{Muller.01112023,
 abstract = {Der neue Linux-Kernel tauscht nach 15 Jahren den Scheduler aus. Leistungssteigerung und verbesserte Sicherheit hat er ebenfalls im Gep{\"a}ck.},
 author = {M{\"u}ller, Oliver},
 year = {01/11/2023},
 title = {Linux 6.6 bringt neuen Scheduler},
 url = {https://www.heise.de/news/Linux-6-6-bringt-neuen-Scheduler-9350044.html},
 keywords = {Kernel;Linux;Open Source;Updates},
 urldate = {25/02/2024},
 journal = {heise online},
 file = {M{\"u}ller 01 11 2023 - Linux 6.6 bringt neuen Scheduler:Attachments/M{\"u}ller 01 11 2023 - Linux 6.6 bringt neuen Scheduler.pdf:application/pdf}
}


